@article{manjarr2010,
  title={Dise{\~n}o de una banda transportadora y del control de velocidad del motor que genera su movimiento},
  author={Manjarr{\'e}s Torres, C{\'e}sar David},
  year={2010},
  publisher={Ingenierias}
}
@mastersthesis{gavilanez2007,
  title={Dise{\~n}o e implementaci{\'o}n de un sistema de control y verificaci{\'o}n del nivel de llenado de botellas utilizando labview y imaq visi{\'o}n.},
  author={Gavil{\'a}nez, F and H{\'e}ctor, M and Alb{\'a}n, C and Edwin, D},
  type={{B.S.} thesis},
  year={2007},
  school={LATACUNGA/ESPE/2007}
}
@mastersthesis{acurio2011,
  title={Dise{\~n}o y construcci{\'o}n de un m{\'o}dulo did{\'a}ctico de visi{\'o}n artificial orientado al control de calidad de llenado de botellas de vidrio con diferente tipo de l{\'\i}quido},
  author={Acurio M{\'e}ndez, Eliana Maribel and Agila, Encarnaci{\'o}n and Maribel, Diana},
  type={{B.S.} thesis},
  year={2011},
  school={QUITO/EPN/2011}
}
