@article{manjarr2010,
  title={Dise{\~n}o de una banda transportadora y del control de velocidad del motor que genera su movimiento},
  author={Manjarr{\'e}s Torres, C{\'e}sar David},
  year={2010},
  publisher={Ingenierias}
}
@mastersthesis{gavilanez2007,
  title={Dise{\~n}o e implementaci{\'o}n de un sistema de control y verificaci{\'o}n del nivel de llenado de botellas utilizando labview y imaq visi{\'o}n.},
  author={Gavil{\'a}nez, F and H{\'e}ctor, M and Alb{\'a}n, C and Edwin, D},
  type={{B.S.} thesis},
  year={2007},
  school={LATACUNGA/ESPE/2007}
}
@mastersthesis{acurio2011,
  title={Dise{\~n}o y construcci{\'o}n de un m{\'o}dulo did{\'a}ctico de visi{\'o}n artificial orientado al control de calidad de llenado de botellas de vidrio con diferente tipo de l{\'\i}quido},
  author={Acurio M{\'e}ndez, Eliana Maribel and Agila, Encarnaci{\'o}n and Maribel, Diana},
  type={{B.S.} thesis},
  year={2011},
  school={QUITO/EPN/2011}
}
@book{dorf2005sistemas,
  title={Sistemas de control moderno},
  author={Dorf, Richard C and Bishop, Robert H and Canto, Sebasti{\'a}n Dormido and Canto, Raquel Dormido and Dormido, Sebasti{\'a}n},
  year={2005},
  publisher={Pearson Educaci{\'o}n}
}
@book{bolton2013mecatronica,
  title={Mecatr{\'o}nica: sistemas de control electr{\'o}nico en la ingenier{\'\i}a mec{\'a}nica y el{\'e}ctrica. Un enfoque multidisciplinario .},
  author={Bolton, William and D{\'\i}az, Luz {\'A}ngeles Lomel{\'\i} and Giannetto, Marcelo Grillo},
  year={2013},
  publisher={Alfaomega Grupo Editor}
}
@article{ramirez2012programacion,
  title={Programaci{\'o}n de operaciones para el llenado de tolvas dosificadoras en una empresa de concentrados},
  author={Ram{\'\i}rez, Gloria and Torn{\'e}, Marcela and Orejuela-Cabrera, Juan},
  journal={Revista Ingenier{\'\i}as Universidad de Medell{\'\i}n},
  volume={11},
  number={20},
  pages={165--178},
  year={2012}
}
